
@article{Ren19,
author = {Ren, Zhengyong and Chen, Huang and Chen, Chaojian and Zhong, Yiyuan and Tang, Jingtian},
year = {2019},
month = {05},
pages = {A31-A35},
title = {New analytical expression of the magnetic gradient tensor for homogeneous polyhedrons},
volume = {84},
journal = {Geophysics},
doi = {10.1190/geo2018-0741.1}
}

@article{Ren17,
author = {Zhengyong Ren and Chaojian Chen and Jingtian Tang and Huang Chen and Shuanggui Hu and Cong Zhou and Xiao Xiao},
title = {Closed-form formula of magnetic gradient tensor for a homogeneous polyhedral magnetic target: A tetrahedral grid example},
journal = {GEOPHYSICS},
volume = {82},
number = {6},
pages = {WB21-WB28},
year = {2017},
doi = {10.1190/geo2016-0470.1},
}





@article{Heath05,
author = {Philip J. Heath, Stewart Greenhalgh and Nicholas G. Direen},
title = {Modelling Gravity and Magnetic Gradient Tensor Responses for Exploration Within the Regolith},
journal = {Exploration Geophysics},
volume = {36},
number = {4},
pages = {357-364},
year = {2005},
publisher = {Taylor & Francis},
doi = {10.1071/EG05357},

}



@article{Andro05,
title = "A multi-disciplinary study of the 2002-03 Etna eruption: insights into a complex plumbing system",
keywords = "multi-disciplinary study, mount etna, 2002-03 eruption, eccentric eruptions, flank activity, etna feeding system, volcanic processes, mount-etna, mt.-etna, pernicana fault, magma, mechanisms, ascent, slip, so2",
author = "D Andronico and S Branca and S Calvari and M Burton and T Caltabiano and Corsaro, {R A} and {Del Carlo}, P and G Garfi and L Lodato and L Miraglia and F Mure and M Neri and E Pecora and M Pompilio and G Salerno and L Spampinato",
note = "914kk Times Cited:171 Cited References Count:54",
year = "2005",
doi = "10.1007/s00445-004-0372-8",
language = "English",
volume = "67",
pages = "314--330",
journal = "Bulletin of Volcanology",
issn = "1432-0819",
publisher = "Springer Nature",
number = "4",
}

@article{Mur00,
  title={New formulae for estimating lava flow volumes at Mt. Etna Volcano, Sicily},
  author={Murray, JB and Stevens, NF},
  journal={Bulletin of volcanology},
  volume={61},
  number={8},
  pages={515--526},
  year={2000},
  publisher={Springer}
}

@article{Heggy06GPR,
author = {Heggy, Essam and Clifford, Stephen M. and Grimm, Robert E. and Dinwiddie, Cynthia L. and Wyrick, Danielle Y. and Hill, Brittain E.},
title = {Ground-penetrating radar sounding in mafic lava flows: Assessing attenuation and scattering losses in Mars-analog volcanic terrains},
journal = {Journal of Geophysical Research: Planets},
volume = {111},
number = {E6},
pages = {},
keywords = {ground-penetrating radar, subsurface, Mars},
doi = {https://doi.org/10.1029/2005JE002589},
url = {https://agupubs.onlinelibrary.wiley.com/doi/abs/10.1029/2005JE002589},
eprint = {https://agupubs.onlinelibrary.wiley.com/doi/pdf/10.1029/2005JE002589},
year = {2006}
}

@article{IGRF,
  title={International geomagnetic reference field: the thirteenth generation},
  author={Alken, Patrick and Th{\'e}bault, Erwan and Beggan, Ciar{\'a}n D and Amit, Hagay and Aubert, J and Baerenzung, J and Bondar, TN and Brown, WJ and Califf, S and Chambodut, A and others},
  journal={Earth, Planets and Space},
  volume={73},
  number={1},
  pages={1--25},
  year={2021},
  publisher={SpringerOpen}
}

@article{Coe78,
  title={Geomagnetic paleointensities from radiocarbon-dated lava flows on Hawaii and the question of the Pacific nondipole low},
  author={Coe, Robert S and Gromm{\'e}, Sherman and Mankinen, Edward A},
  journal={Journal of Geophysical Research: Solid Earth},
  volume={83},
  number={B4},
  pages={1740--1756},
  year={1978},
  publisher={Wiley Online Library}
}

@article{Beck84,
  title={Has the Washington-Oregon coast range moved northward?},
  author={Beck Jr, Myrl E},
  journal={Geology},
  volume={12},
  number={12},
  pages={737--740},
  year={1984},
  publisher={Geological Society of America}
}

@article{soler84,
  title={Geomagnetic secular variation in historical lavas from the Canary Islands},
  author={Soler, V and Carracedo, JC and Heller, F},
  journal={Geophysical Journal International},
  volume={78},
  number={1},
  pages={313--318},
  year={1984},
  publisher={Blackwell Publishing Ltd Oxford, UK}
}
@article{Speranza06,
  title={How accurate is “paleomagnetic dating”? New evidence from historical lavas from Mount Etna},
  author={Speranza, Fabio and Branca, Stefano and Coltelli, Mauro and D'Ajello Caracciolo, Francesca and Vigliotti, Luigi},
  journal={Journal of Geophysical Research: Solid Earth},
  volume={111},
  number={B12},
  year={2006},
  publisher={Wiley Online Library}
}
%-------------------------------------------------------

@article{BIGGELAAR,
author = "Biggelaar, (van den), M.A.",
title = "Measuring Topography Induced Magnetic Anomalies on {M}ount {E}tna ({I}taly)",
year = "2018",
note = "Thesis at Utrecht University",
}

@article{VOGEL,
author = "Vogel, L.I.M.",
title = "Modelling magnetic anomalies of lava fields on {M}t. {E}tna",
year = "2018",
note = "Thesis at Utrecht University",
}

@article{Meyer23,
    author = "Meyer, Romy and de Groot, Lennart V.",
    title = "Local magnetic anomalies in rugged volcanic terrain explain bias in paleomagnetic data: consequences for sampling",
    journal = "Geophysical Research Letters",
    year = "2023"
}

%------------------------------------------------------

@book{BLAKELY, 
place="Cambridge",
DOI="10.1017/CBO9780511549816.006", 
title="Potential Theory in Gravity and Magnetic Applications", publisher="Cambridge University Press",
author="Blakely, Richard J.", 
year="1995"
}

@book{GRIFFITHS,
author        = "Griffiths, David J",
title         = "{Introduction to electrodynamics; 4th ed.}",
publisher     = "Pearson",
address       = "Boston, MA",
year          = "2013",
url           = "https://cds.cern.ch/record/1492149",
note          = "Re-published by Cambridge University Press in 2017",
doi           = "1108420419",
}

@book{JACKSON,
  added-at = {2009-07-03T16:37:22.000+0200},
  address = {New York, {NY}},
  author = {Jackson, John David},
  biburl = {https://www.bibsonomy.org/bibtex/2baac05176a92886bbe1eae5ee72cf234/cernlibrary},
  edition = {3rd ed.},
  interhash = {05096e24942ceab2a2e9f0d35a45183a},
  intrahash = {baac05176a92886bbe1eae5ee72cf234},
  isbn = {9780471309321},
  keywords = {Fields Maxwell SummerStudentReadList09 book collisions electromagnetic electrostatic equations magnetostatics particle physics radiation relativity special waves},
  lccn = {538.3537.8},
  publisher = {Wiley},
  timestamp = {2009-07-24T15:58:21.000+0200},
  title = {Classical electrodynamics},
  url = {http://cdsweb.cern.ch/record/490457},
  year = 1999
}

@book{REITZ,
title="Foundations of Electromagnetic Theory, third edition",
author="Reitz, J.R. and Milford, F.J.",
series="Addison-Wesley series in physics",
url="https://books.google.nl/books?id=JpReyQEACAAJ",
year="1960",
publisher="Addison-Wesley"
}

@book{TAUXE,
title="Essentials of paleomagnetism",
author="Tauxe, Lisa",
year="2010",
publisher="Univ of California Press"
}

%------------------------------------------------------
@online{SUBROUTINES,
  author = {M.T.U. Michigan-Technological-University},
  title = { Index of Potential Field Subroutines from {B}lakely (1995) },
  url = {https://pages.mtu.edu/~jdiehl/Potential_Fields/index.html},
  urldate = {2021-04-18}
}

@article{ATA,
author = "ATA 2007-2008, Regione Siciliana",
title = "Modello digitale del terreno ({MDT}) 2 m × 2 m {R}egione {S}iciliana — {ATA} 2007-2008 [{WWW} Document]",
journal = "http://www.sitr.regione.sicilia.it, accessed 13.05.19",  
url = "http://www.sitr.regione.sicilia.it/geoportale/it/Metadata/Details/503",
year = "2010",
}

%------------------------------------------------------
@article{Baag95,
author = "Baag, C. and Helsley, C. E. and Xu, Shi-zhe and Lienert, B. R.",
title = "Deflection of paleomagnetic directions due to magnetization of the underlying terrain",
journal = "Journal of Geophysical Research: Solid Earth",
volume = "100",
number = "B6",
pages = "10013-10027",
year = "1995",
doi = "10.1029/95JB00148",
url = "https://agupubs.onlinelibrary.wiley.com/doi/abs/10.1029/95JB00148",
eprint = "https://agupubs.onlinelibrary.wiley.com/doi/pdf/10.1029/95JB00148"
}

@article{Biggin07,
title = {A reliable absolute palaeointensity determination obtained from a non-ideal recorder},
journal = {Earth and Planetary Science Letters},
volume = {257},
number = {3},
pages = {545-563},
year = {2007},
issn = {0012-821X},
doi = {https://doi.org/10.1016/j.epsl.2007.03.017},
url = {https://www.sciencedirect.com/science/article/pii/S0012821X07001732},
author = {Andrew J. Biggin and Mireille Perrin and Mark J. Dekkers},
keywords = {palaeointensity, paleointensity, rock magnetism, multidomain, cooling rate, Etna}
}

@article{Bisson16,
author = "Marina Bisson and Claudia Spinetti and Marco Neri and Alessandro Bonforte",
title = "Mt. {E}tna volcano high-resolution topography: airborne {L}i{DAR} modelling validated by {GPS} data",
journal = "International Journal of Digital Earth",
volume = "9",
number = "7",
pages = "710-732",
year  = "2016",
publisher = "Taylor & Francis",
doi = "10.1080/17538947.2015.1119208",
URL = " https://doi.org/10.1080/17538947.2015.1119208",
eprint = " https://doi.org/10.1080/17538947.2015.1119208"
}

@article{Bott63,
   author = "Bott, M. H. P.",
   title = "TWO METHODS APPLICABLE TO COMPUTERS FOR EVALUATING MAGNETIC ANOMALIES DUE TO FINITE THREE DIMENSIONAL BODIES", 
   journal= "Geophysical Prospecting",
   year = "1963",
   volume = "11",
   number = "3",
   pages = "292-299",
   doi = "https://doi.org/10.1111/j.1365-2478.1963.tb02039.x",
   url = "https://www.earthdoc.org/content/journals/10.1111/j.1365-2478.1963.tb02039.x",
   publisher = "European Association of Geoscientists &amp; Engineers",
   issn = "1365-2478",
   type = "Journal Article"
}

@Article{Branca08,
author={Branca, Stefano
and Coltelli, Mauro
and De Beni, Emanuela
and Wijbrans, Jan},
title={Geological evolution of {M}ount {E}tna volcano ({I}taly) from earliest products until the first central volcanism (between 500 and 100 ka ago) inferred from geochronological and stratigraphic data},
journal={International Journal of Earth Sciences},
year={2008},
month={2},
day={01},
volume={97},
number={1},
pages={135-152},
issn={1437-3262},
doi={10.1007/s00531-006-0152-0},
url={https://doi.org/10.1007/s00531-006-0152-0}
}
@article{Branca11geomap,
  title={Geological map of Etna volcano, 1: 50,000 scale},
  author={Branca, Stefano and Coltelli, Mauro and Groppelli, Gianluca and Lentini, Fabio},
  journal={Italian Journal of Geosciences},
  volume={130},
  number={3},
  pages={265--291},
  year={2011},
  publisher={Societ{\`a} Geologica Italiana}
}

@article{Calvo02,
    author = {Calvo, Manuel and Prévot, Michel and Perrin, Mireille and Riisager, Janna},
    title = "{Investigating the reasons for the failure of palaeointensity experiments: a study on historical lava flows from Mt. Etna (Italy)}",
    journal = {Geophysical Journal International},
    volume = {149},
    number = {1},
    pages = {44-63},
    year = {2002},
    month = {04},
    issn = {0956-540X},
    doi = {10.1046/j.1365-246X.2002.01619.x},
    url = {https://doi.org/10.1046/j.1365-246X.2002.01619.x},
    eprint = {https://academic.oup.com/gji/article-pdf/149/1/44/5961257/149-1-44.pdf},
}

@article{Castro87,
author = {Castro, Joyce and Brown, Laurie},
title = {Shallow paleomagnetic directions from historic lava flows, Hawaii},
journal = {Geophysical Research Letters},
volume = {14},
number = {12},
pages = {1203-1206},
doi = {https://doi.org/10.1029/GL014i012p01203},
url = {https://agupubs.onlinelibrary.wiley.com/doi/abs/10.1029/GL014i012p01203},
eprint = {https://agupubs.onlinelibrary.wiley.com/doi/pdf/10.1029/GL014i012p01203},
year = {1987}
}

@article{Doell63,
author = {Doell, Richard R. and Cox, Allan},
title = {The accuracy of the paleomagnetic method as evaluated from historic {H}awaiian lava flows},
journal = {Journal of Geophysical Research (1896-1977)},
volume = {68},
number = {7},
pages = {1997-2009},
doi = {https://doi.org/10.1029/JZ068i007p01997},
url = {https://agupubs.onlinelibrary.wiley.com/doi/abs/10.1029/JZ068i007p01997},
eprint = {https://agupubs.onlinelibrary.wiley.com/doi/pdf/10.1029/JZ068i007p01997},
year = {1963}
}

@article{deGroot13,
author = "de Groot
and Mullender, T. A. T.
and Dekkers, M. J.",
title = "{An evaluation of the influence of the experimental cooling rate along with other thermomagnetic effects to explain anomalously low palaeointensities obtained for historic lavas of Mt Etna (Italy)}",
journal = "Geophysical Journal International",
volume = "193",
number = "3",
pages = "1198-1215",
year = "2013",
month = "04",
issn = "0956-540X",
doi = "10.1093/gji/ggt065",
url = "https://doi.org/10.1093/gji/ggt065",
eprint = "http://oup.prod.sis.lan/gji/article-pdf/193/3/1198/5983645/ggt065.pdf",
}

@Article{deGroot19,
AUTHOR = "de Groot and de Groot",
TITLE = {A low-cost device for measuring local magnetic anomalies in volcanic terrain},
JOURNAL = {Geoscientific Instrumentation, Methods and Data Systems},
VOLUME = {8},
YEAR = {2019},
NUMBER = {2},
PAGES = {217-225},
URL = {https://gi.copernicus.org/articles/8/217/2019/},
DOI = {10.5194/gi-8-217-2019}
}
@article{Haag95,
author = {Haag, M. and Dunn, J. R. and Fuller, M.},
title = {A new quality check for absolute palaeointensities of the Earth magnetic field},
journal = {Geophysical Research Letters},
volume = {22},
number = {24},
pages = {3549-3552},
doi = {https://doi.org/10.1029/95GL03333},
url = {https://agupubs.onlinelibrary.wiley.com/doi/abs/10.1029/95GL03333},
eprint = {https://agupubs.onlinelibrary.wiley.com/doi/pdf/10.1029/95GL03333},
year = {1995}
}



@article{Herrero09,
title = {Testing determinations of absolute paleointensity from the 1955 and 1960 Hawaiian flows},
journal = {Earth and Planetary Science Letters},
volume = {287},
number = {3},
pages = {420-433},
year = {2009},
issn = {0012-821X},
doi = {https://doi.org/10.1016/j.epsl.2009.08.035},
url = {https://www.sciencedirect.com/science/article/pii/S0012821X09004981},
author = {Emilio Herrero-Bervera and Jean-Pierre Valet},
keywords = {magnetism, paleomagnetism, paleointensity, magnetization, geomagnetism, field},

}
@article{HillShaw99,
    author = {Hill, Mimi J. and Shaw, John},
    title = "{Palaeointensity results for historic lavas from Mt Etna using microwave demagnetization/remagnetization in a modified Thellier-type experiment}",
    journal = {Geophysical Journal International},
    volume = {139},
    number = {2},
    pages = {583-590},
    year = {1999},
    month = {11},
    issn = {0956-540X},
    doi = {10.1046/j.1365-246x.1999.00980.x},
    url = {https://doi.org/10.1046/j.1365-246x.1999.00980.x},
    eprint = {https://academic.oup.com/gji/article-pdf/139/2/583/1469686/139-2-583.pdf},
}
@article{Hoblitt85,
  title={Suitability of nonwelded pyroclastic-flow deposits for studies of magnetic secular variation: a test based on deposits emplaced at Mount St. Helens, Washington, in 1980},
  author={Hoblitt, Richard P and Reynolds, Richard L and Larson, Edwin E},
  journal={Geology},
  volume={13},
  number={4},
  pages={242--245},
  year={1985},
  publisher={Geological Society of America}
}

@article{James66,
  title={Geology and rock magnetism of cinder cone lava flows, Lassen volcanic national park, California},
  author={James, David E},
  journal={Geological Society of America Bulletin},
  volume={77},
  number={3},
  pages={303--312},
  year={1966},
  publisher={Geological Society of America}
}

@article{Knudsen03,
title = "Palaeomagnetic distortion modelling and possible recovery by inversion",
journal = "Physics of the Earth and Planetary Interiors",
volume = "135",
number = "1",
pages = "55 - 73",
year = "2003",
issn = "0031-9201",
doi = "https://doi.org/10.1016/S0031-9201(02)00203-0",
url = "http://www.sciencedirect.com/science/article/pii/S0031920102002030",
author = "Mads Faurschou Knudsen and Bo Holm Jacobsen and Niels Abrahamsen",
keywords = "Deflection of palaeomagnetic directions, Finite-element method, Inversion, Magnetic refraction",
}

@article{Lanza05,
title = {Historical measurements of the Earth's magnetic field compared with remanence directions from lava flows in Italy over the last four centuries},
journal = {Physics of the Earth and Planetary Interiors},
volume = {148},
number = {1},
pages = {97-107},
year = {2005},
issn = {0031-9201},
doi = {https://doi.org/10.1016/j.pepi.2004.08.005},
url = {https://www.sciencedirect.com/science/article/pii/S0031920104003000},
author = {Roberto Lanza and Antonio Meloni and Evdokia Tema},
keywords = {Secular variation, Historical magnetic measurements, Thermal remanent magnetization, Volcanic rocks},
}

@article{Mochizuki04,
title = {Palaeointensity study of the Oshima 1986 lava in Japan: implications for the reliability of the Thellier and LTD-DHT Shaw methods},
journal = {Physics of the Earth and Planetary Interiors},
volume = {146},
number = {3},
pages = {395-416},
year = {2004},
issn = {0031-9201},
doi = {https://doi.org/10.1016/j.pepi.2004.02.007},
url = {https://www.sciencedirect.com/science/article/pii/S0031920104001074},
author = {Nobutatsu Mochizuki and Hideo Tsunakawa and Yusuke Oishi and Shinya Wakai and Ken-ichi Wakabayashi and Yuhji Yamamoto},
keywords = {Palaeointensity, Thellier method, Shaw method, Chemical remanent magnetisation, High-temperature oxidation, Oshima lava},
}

@Article{Nicolosi14,
author={Nicolosi, I.
and Caracciolo, F. D'Ajello
and Branca, S.
and Ventura, G.
and Chiappini, M.},
title={Volcanic conduit migration over a basement landslide at {M}ount {E}tna ({I}taly)},
journal={Scientific Reports},
year={2014},
month={6},
day={13},
volume={4},
number={1},
pages={5293},
issn={2045-2322},
doi={10.1038/srep05293},
url={https://doi.org/10.1038/srep05293}
}

@Article{Nicolosi18,
author={Nicolosi, Iacopo
and D'Ajello Caracciolo, Francesca
and Branca, Stefano
and Speranza, Fabio
and Chiappini, Massimo},
title={Unravelling {M}ount {E}tna's early eruptive history by three-dimensional magnetic modeling},
journal={GSA Bulletin},
year={2018},
month={4},
day={12},
volume={130},
number={9-10},
pages={1664-1674},
issn={0016-7606},
doi={10.1130/B31793.1},
url={https://doi.org/10.1130/B31793.1}
}

@article{Nyblade87,
  title={Rapid secular variation recorded in thick Eocene flows from the Absaroka Mountains of northwest Wyoming},
  author={Nyblade, Andrew P and Shive, Peter N and Furlong, Kevin P},
  journal={Earth and planetary science letters},
  volume={81},
  number={4},
  pages={419--424},
  year={1987},
  publisher={Elsevier}
}

@Article{Pavon16,
author="Pav{\'o}n-Carrasco, F. J.
and Tema, E.
and Osete, M. L.
and Lanza, R.",
title="Statistical Analysis of Palaeomagnetic Data from the Last Four Centuries: Evidence of Systematic Inclination Shallowing in Lava Flow Records",
journal="Pure and Applied Geophysics",
year="2016",
month="3",
day="01",
volume="173",
number="3",
pages="839--848",
issn="1420-9136",
doi="10.1007/s00024-014-0946-0",
url="https://doi.org/10.1007/s00024-014-0946-0"
}

@Article{Singer19,
author={Singer, Brad S.
and Jicha, Brian R.
and Mochizuki, Nobutatsu
and Coe, Robert S.},
title={Synchronizing volcanic, sedimentary, and ice core records of {E}arth's last magnetic polarity reversal},
journal={Science advances},
year={2019},
month={8},
day={07},
publisher={American Association for the Advancement of Science},
volume={5},
number={8},
issn={2375-2548},
doi={10.1126/sciadv.aaw4621},
url={https://doi.org/10.1126/sciadv.aaw4621},
language={eng}
}
@article{Tanguy75,
title = {Intensity of the geomagnetic field from recent Italian lavas using a new paleointensity method},
journal = {Earth and Planetary Science Letters},
volume = {27},
number = {2},
pages = {314-320},
year = {1975},
issn = {0012-821X},
doi = {https://doi.org/10.1016/0012-821X(75)90043-6},
url = {https://www.sciencedirect.com/science/article/pii/0012821X75900436},
author = {J.C. Tanguy}
}
@article{Tanguy04,
title = "Distortion of the geomagnetic field in volcanic terrains: an experimental study of the {M}ount {E}tna stratovolcano",
journal = "Physics of the Earth and Planetary Interiors",
volume = "141",
number = "1",
pages = "59 - 70",
year = "2004",
issn = "0031-9201",
doi = "https://doi.org/10.1016/j.pepi.2003.10.003",
url = "http://www.sciencedirect.com/science/article/pii/S003192010300253X",
author = {Tanguy, Jean-Claude and Le Goff, Maxime},
keywords = "Geomagnetic field, Secular variation, Magnetic anomaly, Rock magnetism, Etna"
}

@Article{Tate05,
author={Tate, Nicholas J.
and Brunsdon, Chris
and Charlton, Martin
and Fotheringham, A. Stewart
and Jarvis, Claire H.},
title={Smoothing/filtering {L}i{DAR} digital surface models. {E}xperiments with loess regression and discrete wavelets},
journal={Journal of Geographical Systems},
year={2005},
month={12},
day={01},
volume={7},
number={3},
pages={273-290},
issn={1435-5949},
doi={10.1007/s10109-005-0007-4},
url={https://doi.org/10.1007/s10109-005-0007-4}
}

@article{Urrutia04,
    author = {Urrutia-Fucugauchi, J. and Alva-Valdivia, L. M. and Goguitchaichvili, A. and Rivas, M. L. and Morales, J.},
    title = "{Palaeomagnetic, rock-magnetic and microscopy studies of historic lava flows from the Paricutin volcano, Mexico: implications for the deflection of palaeomagnetic directions}",
    journal = {Geophysical Journal International},
    volume = {156},
    number = {3},
    pages = {431-442},
    year = {2004},
    month = {03},
    issn = {0956-540X},
    doi = {10.1111/j.1365-246X.2004.02166.x},
    url = {https://doi.org/10.1111/j.1365-246X.2004.02166.x},
    eprint = {https://academic.oup.com/gji/article-pdf/156/3/431/5882470/156-3-431.pdf},
}
@article{Rolph97,
    author = {Rolph, T. C.},
    title = "{An investigation of the magnetic variation within two recent lava flows}",
    journal = {Geophysical Journal International},
    volume = {130},
    number = {1},
    pages = {125-136},
    year = {1997},
    month = {07},
    issn = {0956-540X},
    doi = {10.1111/j.1365-246X.1997.tb00992.x},
    url = {https://doi.org/10.1111/j.1365-246X.1997.tb00992.x},
    eprint = {https://academic.oup.com/gji/article-pdf/130/1/125/6033046/130-1-125.pdf},
}





@article{Valet99,
title = "Magnetic anomalies of lava fields in the {C}anary islands. {P}ossible consequences for paleomagnetic records",
journal = "Physics of the Earth and Planetary Interiors",
volume = "115",
number = "2",
pages = "109 - 118",
year = "1999",
issn = "0031-9201",
doi = "https://doi.org/10.1016/S0031-9201(99)00071-0",
url = "http://www.sciencedirect.com/science/article/pii/S0031920199000710",
author = "Jean-Pierre Valet and Vicente Soler",
keywords = "Magnetic anomaly, Lava, Magnetic field, Canary islands",
}

@article{Wilson68,
    author = {Wilson, R. L. and Haggerty, S. E. and Watkins, N. D.},
    title = "{Variation of Palaeomagnetic Stability and Other Parameters in a Vertical Traverse of a Single Icelandic Lava}",
    journal = {Geophysical Journal International},
    volume = {16},
    number = {1},
    pages = {79-96},
    year = {1968},
    month = {09},
    issn = {0956-540X},
    doi = {10.1111/j.1365-246X.1968.tb07137.x},
    url = {https://doi.org/10.1111/j.1365-246X.1968.tb07137.x},
    eprint = {https://academic.oup.com/gji/article-pdf/16/1/79/1671855/16-1-79.pdf},
}









